%% This BibTeX bibliography file was created using BibDesk.
%% http://bibdesk.sourceforge.net/


%% Created for Ivica Nakić at 2009-10-31 16:17:17 +0100 


%% Saved with string encoding Unicode (UTF-8) 


@book{wiki_fem_18,
	Author = {Kiritsis, D.; Eemmanouilidis, Ch.; Koronios, A.; Mathew, J.},
	Pages = {591--592},
	language = {en},
	Title = {Engineering Asset Management” Proceedings of the 4th World Congress on Engineering Asset Management (WCEAM)},
	Year = {2009}}


@article{wiki_fem_4,
	title = {Solution of problems of elasticity by the framework method},
	volume = {8.4},
    language = {en-US},
	journal = {Journal of applied mechanics},
	author = {Hrennikoff, A.},
	year = {1941},
	pages = {169--175}
}	


@article{wiki_fem_5,
	title = {Variational methods for the solution of problems of equilibrium and vibrations},
	volume = {49},
	issn = {0002-9904, 1936-881X},
	url = {http://www.ams.org/home/page/},
	doi = {10.1090/S0002-9904-1943-07818-4},
	language = {en-US},
	number = {1},
	urldate = {2018-08-15},
	journal = {Bulletin of the American Mathematical Society},
	author = {Courant, R.},
	year = {1943},
	pages = {1--23}
}


@misc{wiki_fem,
	title = {Finite element method},
	copyright = {Creative Commons Attribution-ShareAlike License},
	url = {https://en.wikipedia.org/w/index.php?title=Finite_element_method&oldid=854837296},
	language = {en},
	urldate = {2018-08-15},
	journal = {Wikipedia},
	key = {wikipedia},
	month = aug,
	year = {2018},
	note = {Page Version ID: 854837296}
}

@misc{wiki_list_of_fem_software,
	title = {List of finite element software packages},
	copyright = {Creative Commons Attribution-ShareAlike License},
	url = {https://en.wikipedia.org/w/index.php?title=List_of_finite_element_software_packages&oldid=848886390},
	abstract = {This is a list of software packages that implement the finite element method for solving partial differential equations.},
	language = {en},
	urldate = {2018-08-13},
	journal = {Wikipedia},
	key = {wikipedia},
	month = jul,
	year = {2018},
}

@book{jurica_soric,
	Author = {Sorić, J.},
	language = {hr},
	Publisher = {Golden marketing},
	Title = {Metoda konačnih elemenata},
	Year = {2004}
}

@article{jurica_soric_117,
	Author = {Zienkiewicy, O. C., Gallagher, R. H. and Lewis, R. W.},
	journal = {International Journal for Numerical Methods in Engineering},
	Title = {The first 25 years and the future},
	language = {en},
	Year = {1994}
}

@article{jurica_soric_76,
    author = {Mackerle, Jaroslav},
    year = {2002},
    month = {08},
    pages = {1595-1604},
    language = {en},
    title = {FEM and BEM in the context of information retrieval},
    volume = {80},
    booktitle = {Computers & Structures}
}

@misc{coursera,
	title = {The {Finite} {Element} {Method} for {Problems} in {Physics} {\textbar} {Coursera}},
	language = {en},
	key = {coursera},
	url = {https://www.coursera.org/learn/finite-element-method},
	urldate = {2018-08-14}
}


@misc{youtube_freecad,
	title = {{FreeCAD} {FEM} {Tutorial} {Self}-{Weight} {Analyse} eines {Carports}},
	language = {en},
	key = {feecad},
	url = {https://www.youtube.com/watch?v=2N-oPw1YuXM},
	urldate = {2018-08-15},
	author = {{Anisim Open Source Engineering Software}},
	keywords = {Eigengewichtsanalyse, FreeCAD Eigengewichtsanalyse, FreeCAD FEM, FreeCAD FEM Tutorial, FreeCAD Tutorial, FreeCAD tutorial, carport, carport design, fem tutorial, finite element analyis, finite element method, freecad fem, freecad fem tutorial, freecad fem workbench, freecad self weight, freecad tutorial, self weight analysis, tutorial fem}
}


@misc{comsol_fem_general,
	title = {Detailed {Explanation} of the {Finite} {Element} {Method} ({FEM})},
	language = {en},
	url = {https://www.comsol.com/multiphysics/finite-element-method},
	key = {comsol},
	urldate = {2018-08-16}
}


@misc{comslo_mesh,
	title = {Meshing your {Geometry}: {When} to {Use} the {Various} {Element} {Types}},
	shorttitle = {Meshing your {Geometry}},
	url = {https://www.comsol.com/blogs/meshing-your-geometry-various-element-types/},
	abstract = {Learn how to choose an appropriate meshing element to start your mesh convergence study for simulating linear static finite element problems.},
	language = {en},
	urldate = {2018-08-16},
	key = {comsol},
	journal = {COMSOL Multiphysics©}
}

@book{tadej,
	Author = {Zečević, T. I.},
	Title = {Objektno orijentirane biblioteke za realizaciju metode konačnih elemenata s primjenom u brodogradnji},
	Year = {2018},
	language = {hr},
	Publisher = {Diplomski rad},
}


@misc{freefem_wiki_beam,
	title = {{FEM} {CalculiX} {Cantilever} 3D - {FreeCAD} {Documentation}},
	url = {https://www.freecadweb.org/wiki/FEM_CalculiX_Cantilever_3D},
	urldate = {2018-08-18},
	key = {freefem},
	language = {en},
}

@misc{direct_stiffness_method,
    Author = {Dean, J.},
    language = {en},
	title = {Introduction to the Finite Element Method (FEM)},
	url = {https://www.ccg.msm.cam.ac.uk/images/FEMOR_Lecture_1.pdf},
	urldate = {2018-08-18}
}

@article{direct_stiffness_method_article,
	Author = {Felippa, C. A.},
	journal = {Computers & Structures},
	Title = {A Historical Outline of Matrix Structural Analysis: A Play in Three Acts},
	language = {en},
	Year = {2001}
}

@Article{oofem_article,
   Author =  {B. Patz\'{a}k},
   Title =   {{OOFEM} - an object-oriented simulation tool for advanced modeling of materials and structures},
   Journal = {Acta Polytechnica},
   Year =    {2012},
   Volume =  {52},
   language = {en},
   Number =  {6},
   Pages =   {59--66}
}

@misc{oofem-web,
    Author = "Patz\'{a}k, B.",
    Title  = "{OOFEM} home page",
    language = {en},
	url = {http://www.oofem.org/resources/doc/oofemrefman/index.html},
	key = {oofem},
	urldate = {2018-08-18}
}

@misc{gnu_licence,
	title = {GNU General Public License},
	url = {https://www.gnu.org/licenses/gpl-3.0.en.html},
	language = {en},
	key = {gnu},
	urldate = {2018-08-20}
}


@misc{oofem_openhub,
	title = {The oofem {Open} {Source} {Project} on {Open} {Hub}},
	url = {https://www.openhub.net/p/oofem},
	language = {en},
	key = {oofem},
	urldate = {2018-08-20}
}

@misc{oofem_github,
	title = {OOFEM repozitorij},
	url = {https://github.com/oofem/oofem},
	abstract = {oofem - OOFEM is free finite element code with object oriented architecture for solving mechanical, transport, fluid and multiphysics problems.},
	language = {en},
	urldate = {2018-08-20},
	key = {oofem},
	journal = {GitHub}
}


@misc{fem_predavanja_bosna,
	title = {Modeliranje konstrukcija primjenom računara},
	url = {http://www.am.unze.ba/mkpr/},
	language = {en},
	key = {fem},
	urldate = {2018-08-20}
}


@misc{oofem_reference,
	title = {{OOFEM}: {Reference} {Manual}},
	url = {http://www.oofem.org/resources/doc/oofemrefman/index.html},
	language = {en},
	key = {oofem},
	urldate = {2018-08-22}
}


@misc{oofem_programmer,
	title = {{OOFEM}: {Programmer's} {Manual}},
	url = {http://www.oofem.org/resources/doc/programmer/programmer.pdf},
	language = {en},
	key = {oofem},
	urldate = {2018-08-22}
}


@misc{boost_python,
	title = {Boost.{Python} - 1.68.0},
	url = {https://www.boost.org/doc/libs/1_68_0/libs/python/doc/html/index.html},
	language = {en},
	key = {boost},
	urldate = {2018-08-26}
}


@misc{swig,
	title = {Simplified {Wrapper} and {Interface} {Generator}},
	url = {http://www.swig.org/},
	language = {en},
	key = {swig},
	urldate = {2018-08-26}
}

@misc{ctypes,
	title = {16.16. ctypes — {A} foreign function library for {Python} — {Python} 3.6.6 documentation},
	url = {https://docs.python.org/3.6/library/ctypes.html},
	language = {en},
	key = {ctypes},
	urldate = {2018-08-26}
}


@misc{oofemlib_source,
	title = {Source code for oofemlib.cpp, github - OOFEM},
	url = {https://github.com/oofem/oofem/blob/master/bindings/python/oofemlib.cpp},
	language = {en},
	key = {oofem},
	urldate = {2018-08-27}
}


@misc{matplotlib_web,
	title = {Tutorials — {Matplotlib} 2.2.3 documentation},
	url = {https://matplotlib.org/tutorials/index.html},
	language = {en},
	key = {matplotlib},
	urldate = {2018-08-28}
}



@misc{pygmsh_github,
	title = {nschloe/pygmsh: {Python} interface for {Gmsh}},
	url = {https://github.com/nschloe/pygmsh},
	language = {en},
	key = {gmsh},
	urldate = {2018-09-03}
}

@book{linear_book,
	Author = {R. Barrett and M. Berry and T. F. Chan and J. Demmel and J. Donato and J. Dongarra and V. Eijkhout and R. Pozo and C. Romine and H. Van der Vorst},
	Pages = {5-37},
	language = {en},
	Title = {Templates for the Solution of Linear Systems: Building Blocks for Iterative Methods, 2nd Edition},
	PUBLISHER = {SIAM},
	Year = {1994}
}



@misc{salome_program_web,
	title = {Welcome to the www.salome-platform.org — {SALOME} {Platform}},
	url = {http://www.salome-platform.org/},
	language = {en},
	key = {salome},
	urldate = {2018-09-06}
}

@misc{autocad_program_web,
	title = {{AutoCAD} {For} {Mac} \& {Windows} {\textbar} {CAD} {Software} {\textbar} {Autodesk}},
	language = {en},
	key = {autocad},
	url = {https://www.autodesk.com/products/autocad/overview},
	urldate = {2018-09-06}
}

@misc{freecad_program_web,
	title = {{FreeCAD}: {Your} {Own} 3D {Parametric} {Modeler}},
	url = {https://www.freecadweb.org/},
	language = {en},
	key = {freecad},
	urldate = {2018-09-06}
}


@misc{gmsh_program_web,
	title = {Gmsh: a three-dimensional finite element mesh generator with built-in pre- and post-processing facilities},
	url = {http://gmsh.info/},
	language = {en},
	key = {gmsh},
	urldate = {2018-09-06}
}

@misc{gridgen_program_web,
	title = {{USGS} {GRIDGEN}},
	language = {en},
	key = {gridgen},
	url = {https://water.usgs.gov/ogw/gridgen/},
	urldate = {2018-09-06}
}